@article{Roy2004,
author={Van Roy, Peter and Haridi, Seif},
year={2004},
month={01},
pages={254 - 256},
title={Concepts, Techniques, and Models of Computer Programming},
volume={19},
journal={The MIT Press, 2004. ISBN: 0262220695. 930pp.}
}

@article{Green1989,
  title={Cognitive dimensions of notations},
  author={Green, Thomas RG},
  journal={People and computers V},
  pages={443--460},
  year={1989}
}

@inproceedings{Portugal2016,
  title={A preliminary survey on domain-specific languages for machine learning in big data},
  author={Portugal, Ivens and Alencar, Paulo and Cowan, Donald},
  booktitle={2016 IEEE International Conference on Software Science, Technology and Engineering (SWSTE)},
  pages={108--110},
  year={2016},
  organization={IEEE}
}

@inproceedings{Abadi2016,
  title={Tensorflow: A system for large-scale machine learning},
  author={Abadi, Mart{\'\i}n and Barham, Paul and Chen, Jianmin and Chen, Zhifeng and Davis, Andy and Dean, Jeffrey and Devin, Matthieu and Ghemawat, Sanjay and Irving, Geoffrey and Isard, Michael and others},
  booktitle={12th $\{$USENIX$\}$ Symposium on Operating Systems Design and Implementation ($\{$OSDI$\}$ 16)},
  pages={265--283},
  year={2016}
}

@article{Bellamy2018,
  title={AI fairness 360: An extensible toolkit for detecting, understanding, and mitigating unwanted algorithmic bias},
  author={Bellamy, Rachel KE and Dey, Kuntal and Hind, Michael and Hoffman, Samuel C and Houde, Stephanie and Kannan, Kalapriya and Lohia, Pranay and Martino, Jacquelyn and Mehta, Sameep and Mojsilovic, Aleksandra and others},
  journal={arXiv preprint arXiv:1810.01943},
  year={2018}
}

@book{Fowler2010,
  title={Domain-specific languages},
  author={Fowler, Martin},
  year={2010},
  publisher={Pearson Education}
}

@article{Kleinberg2016,
  author    = {Jon M. Kleinberg and
               Sendhil Mullainathan and
               Manish Raghavan},
  title     = {Inherent Trade-Offs in the Fair Determination of Risk Scores},
  journal   = {CoRR},
  volume    = {abs/1609.05807},
  year      = {2016},
  url       = {http://arxiv.org/abs/1609.05807},
  archivePrefix = {arXiv},
  eprint    = {1609.05807},
  timestamp = {Mon, 13 Aug 2018 16:46:05 +0200},
  biburl    = {https://dblp.org/rec/bib/journals/corr/KleinbergMR16},
  bibsource = {dblp computer science bibliography, https://dblp.org}
}

@inproceedings{Felleisen2015,
  title={The racket manifesto},
  author={Felleisen, Matthias and Findler, Robert Bruce and Flatt, Matthew and Krishnamurthi, Shriram and Barzilay, Eli and McCarthy, Jay and Tobin-Hochstadt, Sam},
  booktitle={1st Summit on Advances in Programming Languages (SNAPL 2015)},
  year={2015},
  organization={Schloss Dagstuhl-Leibniz-Zentrum fuer Informatik}
}

@misc{Date1997,
  title={A guide to the SQL standard: a user’s guide to the standard database language},
  author={Date, CJ and Darwen, Hugh},
  year={1997},
  publisher={Addison-Wesley Longman, Inc., 4th edition edition}
}

@inproceedings{Werk2012,
  title={An embedded DSL for stochastic processes},
  author={Werk, Michael Fl{\ae}n{\o} and Ahnfelt-R{\o}nne, Joakim and Larsen, Ken Friis},
  booktitle={FHPC@ ICFP},
  pages={93--102},
  year={2012}
}

@book{Mohri2018,
  title={Foundations of machine learning},
  author={Mohri, Mehryar and Rostamizadeh, Afshin and Talwalkar, Ameet},
  year={2018},
  publisher={MIT press}
}

@inproceedings{Hind2019,
  title={TED: Teaching AI to explain its decisions},
  author={Hind, Michael and Wei, Dennis and Campbell, Murray and Codella, Noel CF and Dhurandhar, Amit and Mojsilovi{\'c}, Aleksandra and Natesan Ramamurthy, Karthikeyan and Varshney, Kush R},
  booktitle={Proceedings of the 2019 AAAI/ACM Conference on AI, Ethics, and Society},
  pages={123--129},
  year={2019},
  organization={ACM}
}

@inproceedings{Hajian2016,
  title={Algorithmic bias: From discrimination discovery to fairness-aware data mining},
  author={Hajian, Sara and Bonchi, Francesco and Castillo, Carlos},
  booktitle={Proceedings of the 22nd ACM SIGKDD international conference on knowledge discovery and data mining},
  pages={2125--2126},
  year={2016},
  organization={ACM}
}

@article{Barocas2016,
  title={Big data's disparate impact},
  author={Barocas, Solon and Selbst, Andrew D},
  journal={Calif. L. Rev.},
  volume={104},
  pages={671},
  year={2016},
  publisher={HeinOnline}
}

@article{Binns2017,
  title={Fairness in machine learning: Lessons from political philosophy},
  author={Binns, Reuben},
  journal={arXiv preprint arXiv:1712.03586},
  year={2017}
}

@inproceedings{Momot2016,
  title={The seven turrets of babel: A taxonomy of langsec errors and how to expunge them},
  author={Momot, Falcon and Bratus, Sergey and Hallberg, Sven M and Patterson, Meredith L},
  booktitle={2016 IEEE Cybersecurity Development (SecDev)},
  pages={45--52},
  year={2016},
  organization={IEEE}
}

@article{Maste2017,
  title={Reproducible Builds in FreeBSD},
  author={Maste, Ed},
  year={2017}
}

@inproceedings{Perry2014,
  title={Reproducible Builds. Moving Beyond Single Points of Failure for Software Distribution},
  author={Perry, Mike and Schoen, Seth and Steiner, Hans},
  booktitle={Chaos Communication Congress},
  year={2014}
}

@article{Kirchner2016,
  title={Machine Bias: There’s Software Used across the Country to Predict Future Criminals, and It’s Biased against Blacks},
  author={Kirchner, Lauren and Angwin, J and Larson, Jeff and Mattu, S},
  journal={Pro Publica: New York, NY, USA},
  year={2016}
}

@article{Thompson1984,
  title={Reflections on trusting trust},
  author={Thompson, Ken and others},
  journal={Commun. ACM},
  volume={27},
  number={8},
  pages={761--763},
  year={1984}
}

@article{DeLaat2018,
  title={Algorithmic decision-making based on machine learning from Big Data: Can transparency restore accountability?},
  author={De Laat, Paul B},
  journal={Philosophy \& technology},
  volume={31},
  number={4},
  pages={525--541},
  year={2018},
  publisher={Springer}
}

@article{Olorisade2017,
  title={Reproducibility in machine Learning-Based studies: An example of text mining},
  author={Olorisade, Babatunde K and Brereton, Pearl and Andras, Peter},
  year={2017}
}

@inproceedings{Barocas2019,
  title={Problem formulation and fairness},
  author={Passi, Samir and Barocas, Solon},
  booktitle={Proceedings of the Conference on Fairness, Accountability, and Transparency},
  pages={39--48},
  year={2019},
  organization={ACM}
}

@misc{Grant2019,
		title={Is it impossible to be fair?},
		author={Cosmo Grant},
		year={2019},
		url={https://phenomenalworld.org/metaresearch/impossible-to-be-fair},
	    urldate = {2019-10-28}
}

@article{Binns2018,
  title={Algorithmic accountability and public reason},
  author={Binns, Reuben},
  journal={Philosophy \& technology},
  volume={31},
  number={4},
  pages={543--556},
  year={2018},
  publisher={Springer}
}

